@article{arizona,
    author = "Robert P. Schumaker and Hsinchun Chen",
    title = "Textual Analysis of Stock Market Prediction Using Financial News Articles",
    journal = "Artificial Intelligence Lab, Department of Management Information Systems",
    year = "2009",
    DOI = "http://ailab.arizona.edu/intranet/papers/Textual\%20Analysis\%20of\%20Stock\%20Market.pdf"
}
@article{porter,
    author = "Martin Porter",
    year = "1980",
    DOI = "http://tartarus.org/~martin/PorterStemmer/"   
}
