@article{arizona,
    author = "Robert P. Schumaker and Hsinchun Chen",
    title = "Textual Analysis of Stock Market Prediction Using Financial News Articles",
    journal = "Artificial Intelligence Lab, Department of Management Information Systems",
    year = "2009",
    DOI = "http://ailab.arizona.edu/intranet/papers/Textual\%20Analysis\%20of\%20Stock\%20Market.pdf"
}
@book{porter,
    author={C.J. van Rijsbergen, S.E. Robertson and M.F. Porter},
    year={1980},
    title={New models in probabilistic information retrieval},
    address={London},
    publisher={British Library}
}
@misc{similarity,
    author = {The Apache Apache Software Foundation},
    title = {{Lucene} Similarity},
    howpublished = {\url{https://lucene.apache.org/core/2_9_4/api/core/org/apache/lucene/search/Similarity.html}},
    note = {Accessed: 2015-04-16}
}
@article{stock-matrix,
  author    = {Felix Ming Fai Wong and Zhenming Liu and Mung Chiang},
  title     = {Stock Market Prediction from {WSJ:} Text Mining via Sparse Matrix Factorization},
  journal   = {CoRR},
  volume    = {abs/1406.7330},
  year      = {2014},
  DOI       = {http://arxiv.org/abs/1406.7330},
  timestamp = {Tue, 01 Jul 2014 11:58:08 +0200},
  biburl    = {http://dblp.uni-trier.de/rec/bib/journals/corr/WongLC14},
  bibsource = {dblp computer science bibliography, http://dblp.org}
}
